@book{review2016tackling,
      title={Tackling drug-resistant infections globally: final report and recommendations},
      author={Review on Antimicrobial Resistance},
      year={2016},
      publisher={Review on Antimicrobial Resistance}
}

@article{Walger_2016,
	doi = {10.1007/s00108-016-0071-5},
	url = {https://doi.org/10.1007%2Fs00108-016-0071-5},
	year = 2016,
	month = {may},
	publisher = {Springer Nature},
	volume = {57},
	number = {6},
	pages = {551--568},
	author = {P. Walger},
	title = {Rationaler Einsatz von Antibiotika},
	journal = {Der Internist}
}

@article{Cals_2009,
author = {Cals, Jochen and Hopstaken, Rogier and Butler, Christopher and Hood, Kerenza and Hanssen, Susanne and Dinant, Geert-Jan},
year = {2009},
month = {12},
pages = {576-583},
title = {Praten en prikken bij lageluchtweginfecties},
volume = {52},
journal = {Huisarts en Wetenschap},
doi = {10.1007/BF03085799}
}

@article{Maturo_2012,
	doi = {10.4103/0973-1229.91587},
	url = {https://doi.org/10.4103%2F0973-1229.91587},
	year = 2012,
	publisher = {Medknow},
	volume = {10},
	number = {1},
	pages = {122},
	author = {Antonio Maturo},
	title = {Medicalization: Current concept and future directions in a Bionic Society},
	journal = {Mens Sana Monographs}
}

@article{Levy_2004,
	doi = {10.1038/nm1145},
	url = {https://doi.org/10.1038%2Fnm1145},
	year = 2004,
	month = {dec},
	publisher = {Springer Nature},
	volume = {10},
	number = {12s},
	pages = {S122--S129},
	author = {Stuart B Levy and Bonnie Marshall},
	title = {Antibacterial resistance worldwide: causes, challenges and responses},
	journal = {Nature Medicine}
}

@article{emson1987health,
    title={Health, disease and illness: matters for definition.},
    author={Emson, Harry Edmund},
    journal={CMAJ: Canadian Medical Association Journal},
    volume={136},
    number={8},
    pages={811},
    year={1987},
    publisher={Canadian Medical Association}
}
