@article{Siu_2016,
	doi = {10.7326/m15-2886},
	url = {https://doi.org/10.7326%2Fm15-2886},
	year = 2016,
	month = {jan},
	publisher = {American College of Physicians},
	volume = {164},
	number = {4},
	pages = {279},
	author = {Albert L. Siu and},
	title = {Screening for Breast Cancer: U.S. Preventive Services Task Force Recommendation Statement},
	journal = {Annals of Internal Medicine}
}

@article{Jacklyn_2016,
	doi = {10.1038/bjc.2016.90},
	url = {https://doi.org/10.1038%2Fbjc.2016.90},
	year = 2016,
	month = {apr},
	publisher = {Springer Nature},
	volume = {114},
	number = {11},
	pages = {1269--1276},
	author = {Gemma Jacklyn and Paul Glasziou and Petra Macaskill and Alexandra Barratt},
	title = {Meta-analysis of breast cancer mortality benefit and overdiagnosis adjusted for adherence: improving information on the effects of attending screening mammography},
	journal = {British Journal of Cancer}
}

@article{Junkermann_2017,
	doi = {10.1007/s00761-017-0204-z},
	url = {https://doi.org/10.1007%2Fs00761-017-0204-z},
	year = 2017,
	month = {mar},
	publisher = {Springer Nature},
	volume = {23},
	number = {6},
	pages = {422--428},
	author = {Hans Junkermann},
	title = {Nutzen und Risiken des Mammographiescreenings},
	journal = {Der Onkologe}
}

@article{G_tzsche_2013,
	doi = {10.1002/14651858.cd001877.pub5},
	url = {https://doi.org/10.1002%2F14651858.cd001877.pub5},
	year = 2013,
	month = {jun},
	publisher = {Wiley},
	author = {Peter C G{\o}tzsche and Karsten Juhl J{\o}rgensen},
	title = {Screening for breast cancer with mammography},
	journal = {Cochrane Database of Systematic Reviews}
}

@article{Jungner_2017,
	doi = {10.3390/ijns3030023},
	url = {https://doi.org/10.3390%2Fijns3030023},
	year = 2017,
	month = {aug},
	publisher = {{MDPI} {AG}},
	volume = {3},
	number = {3},
	pages = {23},
	author = {Lars Jungner and Ingmar Jungner and Martin Engvall and Ulrika von DÃ¶beln},
	title = {Gunnar Jungner and the Principles and Practice of Screening for Disease},
	journal = {International Journal of Neonatal Screening}
}

@misc{rivm1,
  author = {Nynke de Jong, Inge M.C.M. Driesprong-de Kok, Linda Grievink},
  title = {{25 Years of Breast Cancer Screening Experience:
A Dutch Story to Tell}},
  howpublished = "\url{http://www.rivm.nl/dsresource?objectid=cf72bfb8-61a3-4b60-95a4-28d79d463ad9&type=org&disposition=inline}",
  year = {2018}, 
  note = "[Online; accessed Nov-2018]"
}

@book{rivm2,
	author = {ir. J.M. Meulepas en prof. dr. L.A.L.M. Kiemeney en J. Benraadt},
	title = {Kanker in Nederland tot 2020},
	year = 2011,
	ISBN = {9789071229008},
}

