@article{Liao_2017,
	doi = {10.1016/j.cell.2017.10.025},
	url = {https://doi.org/10.1016%2Fj.cell.2017.10.025},
	year = 2017,
	month = {dec},
	publisher = {Elsevier {BV}},
	volume = {171},
	number = {7},
	pages = {1495--1507.e15},
	author = {Hsin-Kai Liao and Fumiyuki Hatanaka and Toshikazu Araoka and Pradeep Reddy and Min-Zu Wu and Yinghui Sui and Takayoshi Yamauchi and Masahiro Sakurai and David D. O'Keefe and Estrella N{\'{u}}{\~{n}}ez-Delicado and Pedro Guillen and Josep M. Campistol and Cheng-Jang Wu and Li-Fan Lu and Concepcion Rodriguez Esteban and Juan Carlos Izpisua Belmonte},
	title = {In~Vivo Target Gene Activation via {CRISPR}/Cas9-Mediated Trans -epigenetic Modulation},
	journal = {Cell}
}
