@article{bunt2014role,
  title={Role of the family physician in the care of children with Down syndrome.},
  author={Bunt, Christopher W and Bunt, Stephanie K},
  journal={American family physician},
  volume={90},
  number={12},
  year={2014}
}
@article{assessment2000down,
  title={Down syndrome: prenatal risk assessment and diagnosis},
  author={Assessment, Prenatal Risk},
  journal={Am Fam Physician},
  volume={62},
  number={4},
  pages={825--832},
  year={2000}
}
@article{roizen2003down,
  title={Down's syndrome},
  author={Roizen, Nancy J and Patterson, David},
  journal={The Lancet},
  volume={361},
  number={9365},
  pages={1281--1289},
  year={2003},
  publisher={Elsevier}
}
@inproceedings{twiss2014non,
  title={Non-invasive prenatal testing for Down syndrome},
  author={Twiss, Philip and Hill, Melissa and Daley, Rebecca and Chitty, Lyn S},
  booktitle={Seminars in Fetal and Neonatal Medicine},
  volume={19},
  number={1},
  pages={9--14},
  year={2014},
  organization={Elsevier}
}
@article{roux2005segregation,
  title={Segregation of chromosomes in sperm of Robertsonian translocation carriers},
  author={Roux, C and Tripogney, C and Morel, F and Joanne, C and Fellmann, F and Clavequin, MC and Bresson, JL},
  journal={Cytogenetic and genome research},
  volume={111},
  number={3-4},
  pages={291--296},
  year={2005},
  publisher={Karger Publishers}
}

@book{jorde2015medical,
  title={Medical Genetics},
  author={Jorde, L.B. and Carey, J.C. and Bamshad, M.J.},
  isbn={9780323188357},
  lccn={2015019218},
  series={Student consult},
  url={https://books.google.nl/books?id=GPFwCgAAQBAJ},
  year={2015},
  publisher={Elsevier}
}
